@inproceedings{elkan2008learning,
  title={Learning classifiers from only positive and unlabeled data},
  author={Elkan, Charles and Noto, Keith},
  booktitle={Proceedings of the 14th ACM SIGKDD international conference on Knowledge discovery and data mining},
  pages={213--220},
  year={2008},
  organization={ACM}
}

@inproceedings{plessis2015convex,
  title={Convex Formulation for Learning from Positive and Unlabeled Data},
  author={Plessis, Marthinus D and Niu, Gang and Sugiyama, Masashi},
  booktitle={Proceedings of the 32nd International Conference on Machine Learning (ICML-15)},
  pages={1386--1394},
  year={2015}
}

