
@article{boykov2006graph,
  title={Graph cuts and efficient ND image segmentation},
  author={Boykov, Yuri and Funka-Lea, Gareth},
  journal={International journal of computer vision},
  volume={70},
  number={2},
  pages={109--131},
  year={2006},
  publisher={Springer}
}

@inproceedings{elkan2008learning,
  title={Learning classifiers from only positive and unlabeled data},
  author={Elkan, Charles and Noto, Keith},
  booktitle={Proceedings of the 14th ACM SIGKDD international conference on Knowledge discovery and data mining},
  pages={213--220},
  year={2008},
  organization={ACM}
}

@book{friedman2009elements,
  title={The Elements of Statistical Learning: Data Mining, Inference, and Prediction},
  author={Friedman, Jerome and Hastie, Trevor and Tibshirani, Robert},
  journal={Springer Series in Statistics (},
  year={2009},
  publisher={New York, NY: Springer-Verlag New York}
}

@article{freund1997decision,
  title={A decision-theoretic generalization of on-line learning and an application to boosting},
  author={Freund, Yoav and Schapire, Robert E},
  journal={Journal of computer and system sciences},
  volume={55},
  number={1},
  pages={119--139},
  year={1997},
  publisher={Elsevier}
}

@inproceedings{plessis2014PUanalysis,
  title={Analysis of learning from positive and unlabeled data},
  author={du Plessis, Marthinus C. and Niu, Gang and Sugiyama, Masashi},
  booktitle={Advances in Neural Information Processing Systems},
  pages={703--711},
  year={2014}
}

@inproceedings{plessis2015convex,
  title={Convex Formulation for Learning from Positive and Unlabeled Data},
  author={du Plessis, Marthinus C. and Niu, Gang and Sugiyama, Masashi}
  booktitle={Proceedings of the 32nd International Conference on Machine Learning (ICML-15)},
  pages={1386--1394},
  year={2015}
}


@incollection{vilarino2007automatic,
  title={Automatic labeling of colonoscopy video for cancer detection},
  author={Vilari{\~n}o, Fernando and Lacey, Gerard and Zhou, Jiang and Mulcahy, Hugh and Patchett, Stephen},
  booktitle={Pattern Recognition and Image Analysis},
  pages={290--297},
  year={2007},
  publisher={Springer}
}

@inproceedings{li2003learning,
  title={Learning to classify texts using positive and unlabeled data},
  author={Li, Xiaoli and Liu, Bing},
  booktitle={IJCAI},
  volume={3},
  pages={587--592},
  year={2003}
}

@inproceedings{nguyen2011positive,
  title={Positive unlabeled learning for time series classification.},
  author={Nguyen, Minh Nhut and Li, Xiaoli-Li and Ng, See-Kiong},
  booktitle={IJCAI},
  volume={11},
  pages={1421--1426},
  year={2011},
  organization={Citeseer}
}

@article{yang2012positive,
  title={Positive-unlabeled learning for disease gene identification},
  author={Yang, Peng and Li, Xiao-Li and Mei, Jian-Ping and Kwoh, Chee-Keong and Ng, See-Kiong},
  journal={Bioinformatics},
  volume={28},
  number={20},
  pages={2640--2647},
  year={2012},
  publisher={Oxford Univ Press}
}

@article{yang2014ensemble,
  title={Ensemble positive unlabeled learning for disease gene identification},
  author={Yang, Peng and Li, Xiaoli and Chua, Hon-Nian and Kwoh, Chee-Keong and Ng, See-Kiong},
  journal={PloS one},
  volume={9},
  number={5},
  pages={e97079},
  year={2014},
  publisher={Public Library of Science}
}

@article{yousef2015novel,
  title={A novel method based on physicochemical properties of amino acids and one class classification algorithm for disease gene identification},
  author={Yousef, Abdulaziz and Charkari, Nasrollah Moghadam},
  journal={Journal of biomedical informatics},
  volume={56},
  pages={300--306},
  year={2015},
  publisher={Elsevier}
}
