@ARTICLE{features,
  author = {Bauszat, Pablo and Eisemann, Martin and Magnor, Marcus},
  title = {Guided Image Filtering for Interactive High-quality Global Illumination},
  journal = {Computer Graphics Forum},
  year = {2011},
  volume = {30},
  pages = {1361--1368},
  number = {4},
  doi = {10.1111/j.1467-8659.2011.01996.x},
  issn = {1467-8659},
  keywords = {Computer Graphics [I.3.7]: Raytracing, Computer Graphics [I.3.7]:
	Three-Dimensional Graphics and Realism, Computer Graphics [I.3.3]:
	Picture/Image Generation},
  publisher = {Blackwell Publishing Ltd},
  url = {http://dx.doi.org/10.1111/j.1467-8659.2011.01996.x}
}

@MISC{matrixInversion,
  author = {Dinolfo, Mike},
  howpublished = {\url{http://users.erols.com/mdinolfo/matrix.htm}},
	url = {http://users.erols.com/mdinolfo/matrix.htm},
  year = {1999},
  timestamp = {2013.07.25}
}

@MISC{bilateral,
  author = {Lanman, Douglas},
	url = {http://alumni.media.mit.edu/~dlanman/courses.html},
  year = {2006},
	place = {Brown University}
}

@incollection{gf,
  title={Guided image filtering},
  author={He, Kaiming and Sun, Jian and Tang, Xiaoou},
  booktitle={Computer Vision--ECCV 2010},
  pages={1--14},
  year={2010},
  publisher={Springer}
}

@article{gf2012,
  title={Guided Image Filtering},
  author={He, Kaiming and Sun, Jian and Tang, Xiaoou},
  year={2012},
  publisher={IEEE}
}

@ARTICLE{sat-generation,
  author = {Justin Hensley and Thorsten Scheuermann and Greg Coombe and Montek
	Singh and Anselmo Lastra},
  title = {Fast summed-area table generation and its applications},
  journal = {Computer Graphics Forum},
  year = {2005},
  volume = {24},
  pages = {547--555}
}

@inproceedings{crow1984summed,
  title={Summed-area tables for texture mapping},
  author={Crow, Franklin C},
  booktitle={ACM SIGGRAPH Computer Graphics},
  volume={18},
  number={3},
  pages={207--212},
  year={1984},
  organization={ACM}
}

@MASTERSTHESIS{masMarco,
  author = {Manzi, Marco},
  title = {Adaptive Sampling and Reconstruction for Interactive Ray Tracing},
  school = {University of Bern},
  year = {2012},
  owner = {Misch},
  timestamp = {2013.08.11}
}

@ARTICLE{gem,
  author = {Rousselle, Fabrice and Knaus, Claude and Zwicker, Matthias},
  title = {Adaptive sampling and reconstruction using greedy error minimization},
  journal = {ACM Trans. Graph.},
  year = {2011},
  volume = {30},
  pages = {159:1--159:12},
  number = {6},
  month = dec,
  acmid = {2024193},
  address = {New York, NY, USA},
  articleno = {159},
  doi = {10.1145/2070781.2024193},
  issn = {0730-0301},
  issue_date = {December 2011},
  keywords = {adaptive sampling and reconstruction},
  numpages = {12},
  publisher = {ACM},
  url = {http://doi.acm.org/10.1145/2070781.2024193}
}

@INPROCEEDINGS{tomasi,
  title={Bilateral filtering for gray and color images},
  author={Tomasi, Carlo and Manduchi, Roberto},
  booktitle={Computer Vision, 1998. Sixth International Conference on},
  pages={839--846},
  year={1998},
  organization={IEEE}
}

@ARTICLE{petschnigg2004,
 author = {Petschnigg, Georg and Szeliski, Richard and Agrawala, Maneesh and Cohen, Michael and Hoppe, Hugues and Toyama, Kentaro},
 title = {Digital photography with flash and no-flash image pairs},
 journal = {ACM Trans. Graph.},
 issue_date = {August 2004},
 volume = {23},
 number = {3},
 month = aug,
 year = {2004},
 issn = {0730-0301},
 pages = {664--672},
 numpages = {9},
 url = {http://doi.acm.org/10.1145/1015706.1015777},
 doi = {10.1145/1015706.1015777},
 acmid = {1015777},
 publisher = {ACM},
 address = {New York, NY, USA},
 keywords = {Noise removal, bilateral filtering, detail transfer, flash photography, image fusion, image processing, red-eye removal, sharpening, white balancing},
}

@article{eisemann2004,
 author = {Eisemann, Elmar and Durand, Fr{\'e}do},
 title = {Flash photography enhancement via intrinsic relighting},
 journal = {ACM Trans. Graph.},
 issue_date = {August 2004},
 volume = {23},
 number = {3},
 month = aug,
 year = {2004},
 issn = {0730-0301},
 pages = {673--678},
 numpages = {6},
 url = {http://doi.acm.org/10.1145/1015706.1015778},
 doi = {10.1145/1015706.1015778},
 acmid = {1015778},
 publisher = {ACM},
 address = {New York, NY, USA},
 keywords = {Computational photography, bilateral filtering, flash photography, image fusion, relighting, tone mapping},
}

@inproceedings{rendEqKajiya,
  title={The rendering equation},
  author={Kajiya, James T},
  booktitle={ACM SIGGRAPH Computer Graphics},
  volume={20},
  number={4},
  pages={143--150},
  year={1986},
  organization={ACM}
}

@article{Whitted1980,
 author = {Whitted, Turner},
 title = {An improved illumination model for shaded display},
 journal = {Commun. ACM},
 issue_date = {June 1980},
 volume = {23},
 number = {6},
 month = jun,
 year = {1980},
 issn = {0001-0782},
 pages = {343--349},
 numpages = {7},
 url = {http://doi.acm.org/10.1145/358876.358882},
 doi = {10.1145/358876.358882},
 acmid = {358882},
 publisher = {ACM},
 address = {New York, NY, USA},
 keywords = {computer animation, computer graphics, raster displays, shading, visible surface algorithms},
} 

@article{adaptiveManifolds,
  author    = {Eduardo S. L. Gastal and Manuel M. Oliveira},
  title     = {Adaptive Manifolds for Real-Time High-Dimensional Filtering},
  journal   = {ACM TOG},
  volume    = {31},
  number    = {4},
  year      = {2012},
  pages     = {33:1--33:13},
  articleno = {33},
  note      = {Proceedings of SIGGRAPH 2012}
}

@inbook{numerical-integration,
	author = {Alfio Quarteroni and Riccardo Sacco and Fausto Saleri},
	title = {Numerical Mathematics (Texts in Applied Mathematics)},
	chapter = {Numerical Integration},
	publisher = {Springer Verlag},
	year = {2006}
}

@book{ray-tracing,
author = {Kevin Suffern},
title = {Ray Tracing from the Ground Up},
year = {2007},
publisher = {Taylor and Francis Ltd.}
}

@book{regression-analysis,
author = {Norman R. Draper and Harry Smith},
title = {Applied Regression Analysis},
edition = {2nd ed.},
year = {1981}
}

@book{bayesian,
author = {Ronald Christensen and Wesley Johnson and Adam Branscum and Timothy E. Hanson},
title = {Bayesian ideas and data analysis : an introduction for scientists and statisticians },
publisher = {Boca Raton, Fla. : CRC Press },
year = {2011}
}

@MISC{likelihood,
  author = {Ng, Andrew},
	title = {CS229 Lecture notes -- Supervised learning},
	url = {cs229.stanford.edu/notes/cs229-notes1.pdf}
}

@book{krengel88,
	author = {Krengel, Ulrich},
	title = {Einf\"uhrung in die Wahrscheinlichkeitstheorie und Statistik},
	year = {1988},
	publisher = {Friedrich Vieweg \& Sohn}
}

@article{johansen1997tikhonov,
  title={On Tikhonov regularization, bias and variance in nonlinear system identification},
  author={Johansen, Tor A},
  journal={Automatica},
  volume={33},
  number={3},
  pages={441--446},
  year={1997},
  publisher={Elsevier}
} 

@article{chaudhury2011fast,
  title={Fast O (1) bilateral filtering using trigonometric range kernels},
  author={Chaudhury, Kunal Narayan and Sage, Daniel and Unser, Michael},
  journal={arXiv preprint arXiv:1105.4204},
  year={2011}
}

@inproceedings{porikli2008constant,
  title={Constant time O (1) bilateral filtering},
  author={Porikli, Fatih},
  booktitle={Computer Vision and Pattern Recognition, 2008. CVPR 2008. IEEE Conference on},
  pages={1--8},
  year={2008},
  organization={IEEE}
}

@inproceedings{yang2009real,
  title={Real-time O (1) bilateral filtering},
  author={Yang, Qingxiong and Tan, Kar-Han and Ahuja, Narendra},
  booktitle={Computer Vision and Pattern Recognition, 2009. CVPR 2009. IEEE Conference on},
  pages={557--564},
  year={2009},
  organization={IEEE}
}

@article{paris2009fast,
  title={A fast approximation of the bilateral filter using a signal processing approach},
  author={Paris, Sylvain and Durand, Fr{\'e}do},
  journal={International Journal of Computer Vision},
  volume={81},
  number={1},
  pages={24--52},
  year={2009},
  publisher={Springer}
}